@InProceedings{Johnson_2015_CVPR,
    author = {Johnson, Justin and Krishna, Ranjay and Stark, Michael and Li, Li-Jia and Shamma, David and Bernstein, Michael and Fei-Fei, Li},
    title = {Image Retrieval Using Scene Graphs},
    booktitle = {The IEEE Conference on Computer Vision and Pattern Recognition (CVPR)},
    month = {June},
    year = {2015}
}

@inproceedings{krahenbuhl2014geodesic,
  title={Geodesic object proposals},
  author={Kr{\"a}henb{\"u}hl, Philipp and Koltun, Vladlen},
  booktitle={European conference on computer vision},
  pages={725--739},
  year={2014},
  organization={Springer}
}

@article{lowe2004distinctive,
  title={Distinctive image features from scale-invariant keypoints},
  author={Lowe, David G},
  journal={International journal of computer vision},
  volume={60},
  number={2},
  pages={91--110},
  year={2004},
  publisher={Springer}
}

@article{oliva2001modeling,
  title={Modeling the shape of the scene: A holistic representation of the spatial envelope},
  author={Oliva, Aude and Torralba, Antonio},
  journal={International journal of computer vision},
  volume={42},
  number={3},
  pages={145--175},
  year={2001},
  publisher={Springer}
}
